[gd_scene load_steps=10 format=2]

[ext_resource path="res://scripts/main_v1.gd" type="Script" id=1]
[ext_resource path="res://scripts/cam_pivot.gd" type="Script" id=2]
[ext_resource path="res://env/color_bg.tres" type="Environment" id=3]
[ext_resource path="res://models/board_v1.tscn" type="PackedScene" id=4]


[sub_resource type="SpatialMaterial" id=1]
flags_unshaded = true

[sub_resource type="SphereShape" id=2]

[sub_resource type="SpatialMaterial" id=3]
metallic_specular = 0.8
roughness = 0.0

[sub_resource type="SphereMesh" id=4]

[sub_resource type="SpatialMaterial" id=5]
params_depth_draw_mode = 3
albedo_color = Color( 0, 0, 0, 1 )
metallic = 0.2
metallic_specular = 0.3
roughness = 0.1

[node name="root" type="Spatial"]
script = ExtResource( 1 )

[node name="cam_pivot" type="Spatial" parent="."]
editor/display_folded = true
transform = Transform( 0.866025, 0, 0.5, 0, 1, 0, -0.5, 0, 0.866025, 0, 0, 0 )
script = ExtResource( 2 )
min_rotx = -20.0
max_rotx = 70.0
max_speed = 2.0
accumulation_speed = 2.0
deceleration_speed = 3.0

[node name="cam" type="Camera" parent="cam_pivot"]
editor/display_folded = true
transform = Transform( 1, 0, 0, 0, 0.202257, 0.979333, 0, -0.979333, 0.202257, -0.180326, 34.6779, 8.26869 )
fov = 30.0

[node name="env" type="WorldEnvironment" parent="cam_pivot/cam"]
environment = ExtResource( 3 )

[node name="lookat" type="Spatial" parent="cam_pivot"]

[node name="drag_line" type="ImmediateGeometry" parent="."]
material_override = SubResource( 1 )

[node name="hit_rc" type="RayCast" parent="."]
enabled = true

[node name="button_rc" type="RayCast" parent="."]
enabled = true
collision_mask = 32768

[node name="SpotLight" type="SpotLight" parent="."]
transform = Transform( 1, 0, 0, 0, 0.685019, 0.728525, 0, -0.728525, 0.685019, 0, 14.4363, 16.2035 )
shadow_enabled = true
spot_range = 42.9094

[node name="balls" type="Spatial" parent="."]

[node name="ball_tmpl" type="RigidBody" parent="balls"]
editor/display_folded = true
transform = Transform( 1, 0, 0, 0, 1, 0, 0, 0, 1, 0, 2, 0 )
collision_layer = 3
mass = 5.0
gravity_scale = 2.0

[node name="coll" type="CollisionShape" parent="balls/ball_tmpl"]
transform = Transform( 1, 0, 0, 0, 1, 0, 0, 0, 1, 0, -0.05, 0 )
shape = SubResource( 2 )

[node name="mesh" type="MeshInstance" parent="balls/ball_tmpl"]
material_override = SubResource( 3 )
mesh = SubResource( 4 )
material/0 = null

[node name="ball_tmpl4" type="RigidBody" parent="balls"]
editor/display_folded = true
transform = Transform( 1, 0, 0, 0, 1, 0, 0, 0, 1, 0, 2, 2.09687 )
collision_layer = 3
mass = 5.0
gravity_scale = 2.0
can_sleep = false

[node name="coll" type="CollisionShape" parent="balls/ball_tmpl4"]
transform = Transform( 1, 0, 0, 0, 1, 0, 0, 0, 1, 0, -0.05, 0 )
shape = SubResource( 2 )

[node name="mesh" type="MeshInstance" parent="balls/ball_tmpl4"]
material_override = SubResource( 3 )
mesh = SubResource( 4 )
material/0 = null

[node name="ball_tmpl6" type="RigidBody" parent="balls"]
editor/display_folded = true
transform = Transform( 1, 0, 0, 0, 1, 0, 0, 0, 1, 0, 2, -2.17183 )
collision_layer = 3
mass = 5.0
gravity_scale = 2.0
can_sleep = false

[node name="coll" type="CollisionShape" parent="balls/ball_tmpl6"]
transform = Transform( 1, 0, 0, 0, 1, 0, 0, 0, 1, 0, -0.05, 0 )
shape = SubResource( 2 )

[node name="mesh" type="MeshInstance" parent="balls/ball_tmpl6"]
material_override = SubResource( 3 )
mesh = SubResource( 4 )
material/0 = null

[node name="ball_tmpl2" type="RigidBody" parent="balls"]
editor/display_folded = true
transform = Transform( 1, 0, 0, 0, 1, 0, 0, 0, 1, -1.73955, 2, -1.1309 )
collision_layer = 3
mass = 5.0
gravity_scale = 2.0
can_sleep = false

[node name="coll" type="CollisionShape" parent="balls/ball_tmpl2"]
transform = Transform( 1, 0, 0, 0, 1, 0, 0, 0, 1, 0, -0.05, 0 )
shape = SubResource( 2 )

[node name="mesh" type="MeshInstance" parent="balls/ball_tmpl2"]
material_override = SubResource( 5 )
mesh = SubResource( 4 )
material/0 = null

[node name="ball_tmpl9" type="RigidBody" parent="balls"]
editor/display_folded = true
transform = Transform( 1, 0, 0, 0, 1, 0, 0, 0, 1, -3.73897, 2, -0.174655 )
collision_layer = 3
mass = 5.0
gravity_scale = 2.0
can_sleep = false

[node name="coll" type="CollisionShape" parent="balls/ball_tmpl9"]
transform = Transform( 1, 0, 0, 0, 1, 0, 0, 0, 1, 0, -0.05, 0 )
shape = SubResource( 2 )

[node name="mesh" type="MeshInstance" parent="balls/ball_tmpl9"]
material_override = SubResource( 5 )
mesh = SubResource( 4 )
material/0 = null

[node name="ball_tmpl3" type="RigidBody" parent="balls"]
editor/display_folded = true
transform = Transform( 1, 0, 0, 0, 1, 0, 0, 0, 1, -1.73955, 2, 1.08378 )
collision_layer = 3
mass = 5.0
gravity_scale = 2.0
can_sleep = false

[node name="coll" type="CollisionShape" parent="balls/ball_tmpl3"]
transform = Transform( 1, 0, 0, 0, 1, 0, 0, 0, 1, 0, -0.05, 0 )
shape = SubResource( 2 )

[node name="mesh" type="MeshInstance" parent="balls/ball_tmpl3"]
material_override = SubResource( 5 )
mesh = SubResource( 4 )
material/0 = null

[node name="ball_tmpl8" type="RigidBody" parent="balls"]
editor/display_folded = true
transform = Transform( 1, 0, 0, 0, 1, 0, 0, 0, 1, -3.73897, 2, 2.04002 )
collision_layer = 3
mass = 5.0
gravity_scale = 2.0
can_sleep = false

[node name="coll" type="CollisionShape" parent="balls/ball_tmpl8"]
transform = Transform( 1, 0, 0, 0, 1, 0, 0, 0, 1, 0, -0.05, 0 )
shape = SubResource( 2 )

[node name="mesh" type="MeshInstance" parent="balls/ball_tmpl8"]
material_override = SubResource( 5 )
mesh = SubResource( 4 )
material/0 = null

[node name="ball_tmpl5" type="RigidBody" parent="balls"]
editor/display_folded = true
transform = Transform( 1, 0, 0, 0, 1, 0, 0, 0, 1, -1.73955, 2, 3.07308 )
collision_layer = 3
mass = 5.0
gravity_scale = 2.0
can_sleep = false

[node name="coll" type="CollisionShape" parent="balls/ball_tmpl5"]
transform = Transform( 1, 0, 0, 0, 1, 0, 0, 0, 1, 0, -0.05, 0 )
shape = SubResource( 2 )

[node name="mesh" type="MeshInstance" parent="balls/ball_tmpl5"]
material_override = SubResource( 5 )
mesh = SubResource( 4 )
material/0 = null

[node name="ball_tmpl7" type="RigidBody" parent="balls"]
editor/display_folded = true
transform = Transform( 1, 0, 0, 0, 1, 0, 0, 0, 1, -3.73897, 2, 4.02932 )
collision_layer = 3
mass = 5.0
gravity_scale = 2.0
can_sleep = false

[node name="coll" type="CollisionShape" parent="balls/ball_tmpl7"]
transform = Transform( 1, 0, 0, 0, 1, 0, 0, 0, 1, 0, -0.05, 0 )
shape = SubResource( 2 )

[node name="mesh" type="MeshInstance" parent="balls/ball_tmpl7"]
material_override = SubResource( 5 )
mesh = SubResource( 4 )
material/0 = null

[node name="board" parent="." instance=ExtResource( 4 )]
grid = [ [ [ {
"albedo": null,
"decoy": null,
"mat": null,
"path": "buttons/b_0-0-0"
} ] ], [ [ {
"albedo": null,
"decoy": null,
"mat": null,
"path": "buttons/b_1-0-0"
} ], [ {
"albedo": null,
"decoy": null,
"mat": null,
"path": "buttons/b_1-1-0"
} ], [ {
"albedo": null,
"decoy": null,
"mat": null,
"path": "buttons/b_1-2-0"
} ], [ {
"albedo": null,
"decoy": null,
"mat": null,
"path": "buttons/b_1-3-0"
} ], [ {
"albedo": null,
"decoy": null,
"mat": null,
"path": "buttons/b_1-4-0"
} ], [ {
"albedo": null,
"decoy": null,
"mat": null,
"path": "buttons/b_1-5-0"
} ] ], [ [ {
"albedo": null,
"decoy": null,
"mat": null,
"path": "buttons/b_2-0-0"
}, {
"albedo": null,
"decoy": null,
"mat": null,
"path": "buttons/b_2-0-1"
} ], [ {
"albedo": null,
"decoy": null,
"mat": null,
"path": "buttons/b_2-1-0"
}, {
"albedo": null,
"decoy": null,
"mat": null,
"path": "buttons/b_2-1-1"
} ], [ {
"albedo": null,
"decoy": null,
"mat": null,
"path": "buttons/b_2-2-0"
}, {
"albedo": null,
"decoy": null,
"mat": null,
"path": "buttons/b_2-2-1"
} ], [ {
"albedo": null,
"decoy": null,
"mat": null,
"path": "buttons/b_2-3-0"
}, {
"albedo": null,
"decoy": null,
"mat": null,
"path": "buttons/b_2-3-1"
} ], [ {
"albedo": null,
"decoy": null,
"mat": null,
"path": "buttons/b_2-4-0"
}, {
"albedo": null,
"decoy": null,
"mat": null,
"path": "buttons/b_2-4-1"
} ], [ {
"albedo": null,
"decoy": null,
"mat": null,
"path": "buttons/b_2-5-0"
}, {
"albedo": null,
"decoy": null,
"mat": null,
"path": "buttons/b_2-5-1"
} ] ], [ [ {
"albedo": null,
"decoy": null,
"mat": null,
"path": "buttons/b_3-0-0"
}, {
"albedo": null,
"decoy": null,
"mat": null,
"path": "buttons/b_3-0-1"
}, {
"albedo": null,
"decoy": null,
"mat": null,
"path": "buttons/b_3-0-2"
} ], [ {
"albedo": null,
"decoy": null,
"mat": null,
"path": "buttons/b_3-1-0"
}, {
"albedo": null,
"decoy": null,
"mat": null,
"path": "buttons/b_3-1-1"
}, {
"albedo": null,
"decoy": null,
"mat": null,
"path": "buttons/b_3-1-2"
} ], [ {
"albedo": null,
"decoy": null,
"mat": null,
"path": "buttons/b_3-2-0"
}, {
"albedo": null,
"decoy": null,
"mat": null,
"path": "buttons/b_3-2-1"
}, {
"albedo": null,
"decoy": null,
"mat": null,
"path": "buttons/b_3-2-2"
} ], [ {
"albedo": null,
"decoy": null,
"mat": null,
"path": "buttons/b_3-3-0"
}, {
"albedo": null,
"decoy": null,
"mat": null,
"path": "buttons/b_3-3-1"
}, {
"albedo": null,
"decoy": null,
"mat": null,
"path": "buttons/b_3-3-2"
} ], [ {
"albedo": null,
"decoy": null,
"mat": null,
"path": "buttons/b_3-4-0"
}, {
"albedo": null,
"decoy": null,
"mat": null,
"path": "buttons/b_3-4-1"
}, {
"albedo": null,
"decoy": null,
"mat": null,
"path": "buttons/b_3-4-2"
} ], [ {
"albedo": null,
"decoy": null,
"mat": null,
"path": "buttons/b_3-5-0"
}, {
"albedo": null,
"decoy": null,
"mat": null,
"path": "buttons/b_3-5-1"
}, {
"albedo": null,
"decoy": null,
"mat": null,
"path": "buttons/b_3-5-2"
} ] ], [ [ {
"albedo": null,
"decoy": null,
"mat": null,
"path": "buttons/b_4-0-0"
}, {
"albedo": null,
"decoy": null,
"mat": null,
"path": "buttons/b_4-0-1"
}, {
"albedo": null,
"decoy": null,
"mat": null,
"path": "buttons/b_4-0-2"
}, {
"albedo": null,
"decoy": null,
"mat": null,
"path": "buttons/b_4-0-3"
} ], [ {
"albedo": null,
"decoy": null,
"mat": null,
"path": "buttons/b_4-1-0"
}, {
"albedo": null,
"decoy": null,
"mat": null,
"path": "buttons/b_4-1-1"
}, {
"albedo": null,
"decoy": null,
"mat": null,
"path": "buttons/b_4-1-2"
}, {
"albedo": null,
"decoy": null,
"mat": null,
"path": "buttons/b_4-1-3"
} ], [ {
"albedo": null,
"decoy": null,
"mat": null,
"path": "buttons/b_4-2-0"
}, {
"albedo": null,
"decoy": null,
"mat": null,
"path": "buttons/b_4-2-1"
}, {
"albedo": null,
"decoy": null,
"mat": null,
"path": "buttons/b_4-2-2"
}, {
"albedo": null,
"decoy": null,
"mat": null,
"path": "buttons/b_4-2-3"
} ], [ {
"albedo": null,
"decoy": null,
"mat": null,
"path": "buttons/b_4-3-0"
}, {
"albedo": null,
"decoy": null,
"mat": null,
"path": "buttons/b_4-3-1"
}, {
"albedo": null,
"decoy": null,
"mat": null,
"path": "buttons/b_4-3-2"
}, {
"albedo": null,
"decoy": null,
"mat": null,
"path": "buttons/b_4-3-3"
} ], [ {
"albedo": null,
"decoy": null,
"mat": null,
"path": "buttons/b_4-4-0"
}, {
"albedo": null,
"decoy": null,
"mat": null,
"path": "buttons/b_4-4-1"
}, {
"albedo": null,
"decoy": null,
"mat": null,
"path": "buttons/b_4-4-2"
}, {
"albedo": null,
"decoy": null,
"mat": null,
"path": "buttons/b_4-4-3"
} ], [ {
"albedo": null,
"decoy": null,
"mat": null,
"path": "buttons/b_4-5-0"
}, {
"albedo": null,
"decoy": null,
"mat": null,
"path": "buttons/b_4-5-1"
}, {
"albedo": null,
"decoy": null,
"mat": null,
"path": "buttons/b_4-5-2"
}, {
"albedo": null,
"decoy": null,
"mat": null,
"path": "buttons/b_4-5-3"
} ] ] ]
