[gd_scene load_steps=5 format=2]

[ext_resource path="res://scripts/board_v1.gd" type="Script" id=1]
[ext_resource path="res://models/pastille.tscn" type="PackedScene" id=2]
[ext_resource path="res://models/slot.tscn" type="PackedScene" id=3]



[sub_resource type="PhysicsMaterial" id=8]
friction = 0.2

[node name="board" type="Spatial"]
script = ExtResource( 1 )
depth = 4
radius = 1.9
gap = 0.615
radius2 = 0.5
height2 = 0.6
radius3 = 0.75
height3 = 0.1
grid = [ [ [ {
"albedo": null,
"mat": null,
"path": "buttons/b_0-0-0"
} ] ], [ [ {
"albedo": null,
"mat": null,
"path": "buttons/b_1-0-0"
} ], [ {
"albedo": null,
"mat": null,
"path": "buttons/b_1-1-0"
} ], [ {
"albedo": null,
"mat": null,
"path": "buttons/b_1-2-0"
} ], [ {
"albedo": null,
"mat": null,
"path": "buttons/b_1-3-0"
} ], [ {
"albedo": null,
"mat": null,
"path": "buttons/b_1-4-0"
} ], [ {
"albedo": null,
"mat": null,
"path": "buttons/b_1-5-0"
} ] ], [ [ {
"albedo": null,
"mat": null,
"path": "buttons/b_2-0-0"
}, {
"albedo": null,
"mat": null,
"path": "buttons/b_2-0-1"
} ], [ {
"albedo": null,
"mat": null,
"path": "buttons/b_2-1-0"
}, {
"albedo": null,
"mat": null,
"path": "buttons/b_2-1-1"
} ], [ {
"albedo": null,
"mat": null,
"path": "buttons/b_2-2-0"
}, {
"albedo": null,
"mat": null,
"path": "buttons/b_2-2-1"
} ], [ {
"albedo": null,
"mat": null,
"path": "buttons/b_2-3-0"
}, {
"albedo": null,
"mat": null,
"path": "buttons/b_2-3-1"
} ], [ {
"albedo": null,
"mat": null,
"path": "buttons/b_2-4-0"
}, {
"albedo": null,
"mat": null,
"path": "buttons/b_2-4-1"
} ], [ {
"albedo": null,
"mat": null,
"path": "buttons/b_2-5-0"
}, {
"albedo": null,
"mat": null,
"path": "buttons/b_2-5-1"
} ] ], [ [ {
"albedo": null,
"mat": null,
"path": "buttons/b_3-0-0"
}, {
"albedo": null,
"mat": null,
"path": "buttons/b_3-0-1"
}, {
"albedo": null,
"mat": null,
"path": "buttons/b_3-0-2"
} ], [ {
"albedo": null,
"mat": null,
"path": "buttons/b_3-1-0"
}, {
"albedo": null,
"mat": null,
"path": "buttons/b_3-1-1"
}, {
"albedo": null,
"mat": null,
"path": "buttons/b_3-1-2"
} ], [ {
"albedo": null,
"mat": null,
"path": "buttons/b_3-2-0"
}, {
"albedo": null,
"mat": null,
"path": "buttons/b_3-2-1"
}, {
"albedo": null,
"mat": null,
"path": "buttons/b_3-2-2"
} ], [ {
"albedo": null,
"mat": null,
"path": "buttons/b_3-3-0"
}, {
"albedo": null,
"mat": null,
"path": "buttons/b_3-3-1"
}, {
"albedo": null,
"mat": null,
"path": "buttons/b_3-3-2"
} ], [ {
"albedo": null,
"mat": null,
"path": "buttons/b_3-4-0"
}, {
"albedo": null,
"mat": null,
"path": "buttons/b_3-4-1"
}, {
"albedo": null,
"mat": null,
"path": "buttons/b_3-4-2"
} ], [ {
"albedo": null,
"mat": null,
"path": "buttons/b_3-5-0"
}, {
"albedo": null,
"mat": null,
"path": "buttons/b_3-5-1"
}, {
"albedo": null,
"mat": null,
"path": "buttons/b_3-5-2"
} ] ], [ [ {
"albedo": null,
"mat": null,
"path": "buttons/b_4-0-0"
}, {
"albedo": null,
"mat": null,
"path": "buttons/b_4-0-1"
}, {
"albedo": null,
"mat": null,
"path": "buttons/b_4-0-2"
}, {
"albedo": null,
"mat": null,
"path": "buttons/b_4-0-3"
} ], [ {
"albedo": null,
"mat": null,
"path": "buttons/b_4-1-0"
}, {
"albedo": null,
"mat": null,
"path": "buttons/b_4-1-1"
}, {
"albedo": null,
"mat": null,
"path": "buttons/b_4-1-2"
}, {
"albedo": null,
"mat": null,
"path": "buttons/b_4-1-3"
} ], [ {
"albedo": null,
"mat": null,
"path": "buttons/b_4-2-0"
}, {
"albedo": null,
"mat": null,
"path": "buttons/b_4-2-1"
}, {
"albedo": null,
"mat": null,
"path": "buttons/b_4-2-2"
}, {
"albedo": null,
"mat": null,
"path": "buttons/b_4-2-3"
} ], [ {
"albedo": null,
"mat": null,
"path": "buttons/b_4-3-0"
}, {
"albedo": null,
"mat": null,
"path": "buttons/b_4-3-1"
}, {
"albedo": null,
"mat": null,
"path": "buttons/b_4-3-2"
}, {
"albedo": null,
"mat": null,
"path": "buttons/b_4-3-3"
} ], [ {
"albedo": null,
"mat": null,
"path": "buttons/b_4-4-0"
}, {
"albedo": null,
"mat": null,
"path": "buttons/b_4-4-1"
}, {
"albedo": null,
"mat": null,
"path": "buttons/b_4-4-2"
}, {
"albedo": null,
"mat": null,
"path": "buttons/b_4-4-3"
} ], [ {
"albedo": null,
"mat": null,
"path": "buttons/b_4-5-0"
}, {
"albedo": null,
"mat": null,
"path": "buttons/b_4-5-1"
}, {
"albedo": null,
"mat": null,
"path": "buttons/b_4-5-2"
}, {
"albedo": null,
"mat": null,
"path": "buttons/b_4-5-3"
} ] ] ]

[node name="buttons" type="Spatial" parent="."]

[node name="b_0-0-0" parent="buttons" instance=ExtResource( 2 )]
level = 0
corner = 0
id = 0

[node name="b_1-0-0" parent="buttons" instance=ExtResource( 2 )]
transform = Transform( 0.866025, 0, -0.5, 0, 1, 0, 0.5, 0, 0.866025, 1.95761, 0, 1.13022 )
level = 1
corner = 0
id = 0

[node name="b_1-1-0" parent="buttons" instance=ExtResource( 2 )]
transform = Transform( -4.37114e-08, 0, -1, 0, 1, 0, 1, 0, -4.37114e-08, 1.38413e-16, 0, 2.26045 )
level = 1
corner = 1
id = 0

[node name="b_1-2-0" parent="buttons" instance=ExtResource( 2 )]
transform = Transform( -0.866025, 0, -0.5, 0, 1, 0, 0.5, 0, -0.866025, -1.95761, 0, 1.13022 )
level = 1
corner = 2
id = 0

[node name="b_1-3-0" parent="buttons" instance=ExtResource( 2 )]
transform = Transform( -0.866025, 0, 0.5, 0, 1, 0, -0.5, 0, -0.866025, -1.95761, 0, -1.13022 )
level = 1
corner = 3
id = 0

[node name="b_1-4-0" parent="buttons" instance=ExtResource( 2 )]
transform = Transform( 7.54979e-08, 0, 1, 0, 1, 0, -1, 0, 7.54979e-08, -2.42292e-15, 0, -2.26045 )
level = 1
corner = 4
id = 0

[node name="b_1-5-0" parent="buttons" instance=ExtResource( 2 )]
transform = Transform( 0.866025, 0, 0.5, 0, 1, 0, -0.5, 0, 0.866025, 1.95761, 0, -1.13022 )
level = 1
corner = 5
id = 0

[node name="b_2-0-0" parent="buttons" instance=ExtResource( 2 )]
transform = Transform( 0.866025, 0, -0.5, 0, 1, 0, 0.5, 0, 0.866025, 3.91521, 0, 2.26045 )
level = 2
corner = 0
id = 0

[node name="b_2-0-1" parent="buttons" instance=ExtResource( 2 )]
transform = Transform( 0.5, 0, -0.866025, 0, 1, 0, 0.866025, 0, 0.5, 1.95761, 0, 3.39067 )
level = 2
corner = 0
id = 1

[node name="b_2-1-0" parent="buttons" instance=ExtResource( 2 )]
transform = Transform( -4.37114e-08, 0, -1, 0, 1, 0, 1, 0, -4.37114e-08, 2.76825e-16, 0, 4.5209 )
level = 2
corner = 1
id = 0

[node name="b_2-1-1" parent="buttons" instance=ExtResource( 2 )]
transform = Transform( -0.5, 0, -0.866025, 0, 1, 0, 0.866025, 0, -0.5, -1.95761, 0, 3.39067 )
level = 2
corner = 1
id = 1

[node name="b_2-2-0" parent="buttons" instance=ExtResource( 2 )]
transform = Transform( -0.866025, 0, -0.5, 0, 1, 0, 0.5, 0, -0.866025, -3.91521, 0, 2.26045 )
level = 2
corner = 2
id = 0

[node name="b_2-2-1" parent="buttons" instance=ExtResource( 2 )]
transform = Transform( -1, 0, 8.74228e-08, 0, 1, 0, -8.74228e-08, 0, -1, -3.91521, 0, 0 )
level = 2
corner = 2
id = 1

[node name="b_2-3-0" parent="buttons" instance=ExtResource( 2 )]
transform = Transform( -0.866025, 0, 0.5, 0, 1, 0, -0.5, 0, -0.866025, -3.91521, 0, -2.26045 )
level = 2
corner = 3
id = 0

[node name="b_2-3-1" parent="buttons" instance=ExtResource( 2 )]
transform = Transform( -0.5, 0, 0.866025, 0, 1, 0, -0.866025, 0, -0.5, -1.95761, 0, -3.39067 )
level = 2
corner = 3
id = 1

[node name="b_2-4-0" parent="buttons" instance=ExtResource( 2 )]
transform = Transform( 7.54979e-08, 0, 1, 0, 1, 0, -1, 0, 7.54979e-08, -4.84584e-15, 0, -4.5209 )
level = 2
corner = 4
id = 0

[node name="b_2-4-1" parent="buttons" instance=ExtResource( 2 )]
transform = Transform( 0.5, 0, 0.866025, 0, 1, 0, -0.866025, 0, 0.5, 1.95761, 0, -3.39067 )
level = 2
corner = 4
id = 1

[node name="b_2-5-0" parent="buttons" instance=ExtResource( 2 )]
transform = Transform( 0.866025, 0, 0.5, 0, 1, 0, -0.5, 0, 0.866025, 3.91521, 0, -2.26045 )
level = 2
corner = 5
id = 0

[node name="b_2-5-1" parent="buttons" instance=ExtResource( 2 )]
transform = Transform( 1, 0, 0, 0, 1, 0, 0, 0, 1, 3.91521, 0, 0 )
level = 2
corner = 5
id = 1

[node name="b_3-0-0" parent="buttons" instance=ExtResource( 2 )]
transform = Transform( 0.866025, 0, -0.5, 0, 1, 0, 0.5, 0, 0.866025, 5.87282, 0, 3.39067 )
level = 3
corner = 0
id = 0

[node name="b_3-0-1" parent="buttons" instance=ExtResource( 2 )]
transform = Transform( 0.654654, 0, -0.755929, 0, 1, 0, 0.755929, 0, 0.654654, 3.91521, 0, 4.5209 )
level = 3
corner = 0
id = 1

[node name="b_3-0-2" parent="buttons" instance=ExtResource( 2 )]
transform = Transform( 0.327327, 0, -0.944911, 0, 1, 0, 0.944911, 0, 0.327327, 1.95761, 0, 5.65112 )
level = 3
corner = 0
id = 2

[node name="b_3-1-0" parent="buttons" instance=ExtResource( 2 )]
transform = Transform( -4.37114e-08, 0, -1, 0, 1, 0, 1, 0, -4.37114e-08, 4.15238e-16, 0, 6.78134 )
level = 3
corner = 1
id = 0

[node name="b_3-1-1" parent="buttons" instance=ExtResource( 2 )]
transform = Transform( -0.327327, 0, -0.944911, 0, 1, 0, 0.944911, 0, -0.327327, -1.95761, 0, 5.65112 )
level = 3
corner = 1
id = 1

[node name="b_3-1-2" parent="buttons" instance=ExtResource( 2 )]
transform = Transform( -0.654654, 0, -0.755929, 0, 1, 0, 0.755929, 0, -0.654654, -3.91521, 0, 4.5209 )
level = 3
corner = 1
id = 2

[node name="b_3-2-0" parent="buttons" instance=ExtResource( 2 )]
transform = Transform( -0.866025, 0, -0.5, 0, 1, 0, 0.5, 0, -0.866025, -5.87282, 0, 3.39067 )
level = 3
corner = 2
id = 0

[node name="b_3-2-1" parent="buttons" instance=ExtResource( 2 )]
transform = Transform( -0.981981, 0, -0.188982, 0, 1, 0, 0.188982, 0, -0.981981, -5.87282, 0, 1.13022 )
level = 3
corner = 2
id = 1

[node name="b_3-2-2" parent="buttons" instance=ExtResource( 2 )]
transform = Transform( -0.981981, 0, 0.188982, 0, 1, 0, -0.188982, 0, -0.981981, -5.87282, 0, -1.13022 )
level = 3
corner = 2
id = 2

[node name="b_3-3-0" parent="buttons" instance=ExtResource( 2 )]
transform = Transform( -0.866025, 0, 0.5, 0, 1, 0, -0.5, 0, -0.866025, -5.87282, 0, -3.39067 )
level = 3
corner = 3
id = 0

[node name="b_3-3-1" parent="buttons" instance=ExtResource( 2 )]
transform = Transform( -0.654654, 0, 0.755929, 0, 1, 0, -0.755929, 0, -0.654654, -3.91521, 0, -4.5209 )
level = 3
corner = 3
id = 1

[node name="b_3-3-2" parent="buttons" instance=ExtResource( 2 )]
transform = Transform( -0.327327, 0, 0.944911, 0, 1, 0, -0.944911, 0, -0.327327, -1.95761, 0, -5.65112 )
level = 3
corner = 3
id = 2

[node name="b_3-4-0" parent="buttons" instance=ExtResource( 2 )]
transform = Transform( 7.54979e-08, 0, 1, 0, 1, 0, -1, 0, 7.54979e-08, -7.26876e-15, 0, -6.78134 )
level = 3
corner = 4
id = 0

[node name="b_3-4-1" parent="buttons" instance=ExtResource( 2 )]
transform = Transform( 0.327327, 0, 0.944911, 0, 1, 0, -0.944911, 0, 0.327327, 1.95761, 0, -5.65112 )
level = 3
corner = 4
id = 1

[node name="b_3-4-2" parent="buttons" instance=ExtResource( 2 )]
transform = Transform( 0.654654, 0, 0.755929, 0, 1, 0, -0.755929, 0, 0.654654, 3.91521, 0, -4.5209 )
level = 3
corner = 4
id = 2

[node name="b_3-5-0" parent="buttons" instance=ExtResource( 2 )]
transform = Transform( 0.866025, 0, 0.5, 0, 1, 0, -0.5, 0, 0.866025, 5.87282, 0, -3.39067 )
level = 3
corner = 5
id = 0

[node name="b_3-5-1" parent="buttons" instance=ExtResource( 2 )]
transform = Transform( 0.981981, 0, 0.188982, 0, 1, 0, -0.188982, 0, 0.981981, 5.87282, 0, -1.13022 )
level = 3
corner = 5
id = 1

[node name="b_3-5-2" parent="buttons" instance=ExtResource( 2 )]
transform = Transform( 0.981981, 0, -0.188982, 0, 1, 0, 0.188982, 0, 0.981981, 5.87282, 0, 1.13022 )
level = 3
corner = 5
id = 2

[node name="b_4-0-0" parent="buttons" instance=ExtResource( 2 )]
transform = Transform( 0.866025, 0, -0.5, 0, 1, 0, 0.5, 0, 0.866025, 7.83042, 0, 4.5209 )
level = 4
corner = 0
id = 0

[node name="b_4-0-1" parent="buttons" instance=ExtResource( 2 )]
transform = Transform( 0.720577, 0, -0.693375, 0, 1, 0, 0.693375, 0, 0.720577, 5.87282, 0, 5.65112 )
level = 4
corner = 0
id = 1

[node name="b_4-0-2" parent="buttons" instance=ExtResource( 2 )]
transform = Transform( 0.5, 0, -0.866025, 0, 1, 0, 0.866025, 0, 0.5, 3.91521, 0, 6.78134 )
level = 4
corner = 0
id = 2

[node name="b_4-0-3" parent="buttons" instance=ExtResource( 2 )]
transform = Transform( 0.240192, 0, -0.970725, 0, 1, 0, 0.970725, 0, 0.240192, 1.95761, 0, 7.91157 )
level = 4
corner = 0
id = 3

[node name="b_4-1-0" parent="buttons" instance=ExtResource( 2 )]
transform = Transform( -4.37114e-08, 0, -1, 0, 1, 0, 1, 0, -4.37114e-08, 5.5365e-16, 0, 9.04179 )
level = 4
corner = 1
id = 0

[node name="b_4-1-1" parent="buttons" instance=ExtResource( 2 )]
transform = Transform( -0.240192, 0, -0.970725, 0, 1, 0, 0.970725, 0, -0.240192, -1.95761, 0, 7.91157 )
level = 4
corner = 1
id = 1

[node name="b_4-1-2" parent="buttons" instance=ExtResource( 2 )]
transform = Transform( -0.5, 0, -0.866025, 0, 1, 0, 0.866025, 0, -0.5, -3.91521, 0, 6.78134 )
level = 4
corner = 1
id = 2

[node name="b_4-1-3" parent="buttons" instance=ExtResource( 2 )]
transform = Transform( -0.720577, 0, -0.693375, 0, 1, 0, 0.693375, 0, -0.720577, -5.87282, 0, 5.65112 )
level = 4
corner = 1
id = 3

[node name="b_4-2-0" parent="buttons" instance=ExtResource( 2 )]
transform = Transform( -0.866025, 0, -0.5, 0, 1, 0, 0.5, 0, -0.866025, -7.83042, 0, 4.5209 )
level = 4
corner = 2
id = 0

[node name="b_4-2-1" parent="buttons" instance=ExtResource( 2 )]
transform = Transform( -0.960769, 0, -0.27735, 0, 1, 0, 0.27735, 0, -0.960769, -7.83042, 0, 2.26045 )
level = 4
corner = 2
id = 1

[node name="b_4-2-2" parent="buttons" instance=ExtResource( 2 )]
transform = Transform( -1, 0, 8.74228e-08, 0, 1, 0, -8.74228e-08, 0, -1, -7.83042, 0, 0 )
level = 4
corner = 2
id = 2

[node name="b_4-2-3" parent="buttons" instance=ExtResource( 2 )]
transform = Transform( -0.960769, 0, 0.27735, 0, 1, 0, -0.27735, 0, -0.960769, -7.83042, 0, -2.26045 )
level = 4
corner = 2
id = 3

[node name="b_4-3-0" parent="buttons" instance=ExtResource( 2 )]
transform = Transform( -0.866025, 0, 0.5, 0, 1, 0, -0.5, 0, -0.866025, -7.83042, 0, -4.5209 )
level = 4
corner = 3
id = 0

[node name="b_4-3-1" parent="buttons" instance=ExtResource( 2 )]
transform = Transform( -0.720577, 0, 0.693375, 0, 1, 0, -0.693375, 0, -0.720577, -5.87282, 0, -5.65112 )
level = 4
corner = 3
id = 1

[node name="b_4-3-2" parent="buttons" instance=ExtResource( 2 )]
transform = Transform( -0.5, 0, 0.866025, 0, 1, 0, -0.866025, 0, -0.5, -3.91521, 0, -6.78134 )
level = 4
corner = 3
id = 2

[node name="b_4-3-3" parent="buttons" instance=ExtResource( 2 )]
transform = Transform( -0.240192, 0, 0.970725, 0, 1, 0, -0.970725, 0, -0.240192, -1.95761, 0, -7.91157 )
level = 4
corner = 3
id = 3

[node name="b_4-4-0" parent="buttons" instance=ExtResource( 2 )]
transform = Transform( 7.54979e-08, 0, 1, 0, 1, 0, -1, 0, 7.54979e-08, -9.69168e-15, 0, -9.04179 )
level = 4
corner = 4
id = 0

[node name="b_4-4-1" parent="buttons" instance=ExtResource( 2 )]
transform = Transform( 0.240192, 0, 0.970725, 0, 1, 0, -0.970725, 0, 0.240192, 1.95761, 0, -7.91157 )
level = 4
corner = 4
id = 1

[node name="b_4-4-2" parent="buttons" instance=ExtResource( 2 )]
transform = Transform( 0.5, 0, 0.866025, 0, 1, 0, -0.866025, 0, 0.5, 3.91521, 0, -6.78134 )
level = 4
corner = 4
id = 2

[node name="b_4-4-3" parent="buttons" instance=ExtResource( 2 )]
transform = Transform( 0.720577, 0, 0.693375, 0, 1, 0, -0.693375, 0, 0.720577, 5.87282, 0, -5.65112 )
level = 4
corner = 4
id = 3

[node name="b_4-5-0" parent="buttons" instance=ExtResource( 2 )]
transform = Transform( 0.866025, 0, 0.5, 0, 1, 0, -0.5, 0, 0.866025, 7.83042, 0, -4.5209 )
level = 4
corner = 5
id = 0

[node name="b_4-5-1" parent="buttons" instance=ExtResource( 2 )]
transform = Transform( 0.960769, 0, 0.27735, 0, 1, 0, -0.27735, 0, 0.960769, 7.83042, 0, -2.26045 )
level = 4
corner = 5
id = 1

[node name="b_4-5-2" parent="buttons" instance=ExtResource( 2 )]
transform = Transform( 1, 0, 0, 0, 1, 0, 0, 0, 1, 7.83042, 0, 0 )
level = 4
corner = 5
id = 2

[node name="b_4-5-3" parent="buttons" instance=ExtResource( 2 )]
transform = Transform( 0.960769, 0, -0.27735, 0, 1, 0, 0.27735, 0, 0.960769, 7.83042, 0, 2.26045 )
level = 4
corner = 5
id = 3

[node name="slots" type="Spatial" parent="."]

[node name="slot_0" type="StaticBody" parent="slots" instance=ExtResource( 3 )]
transform = Transform( 0.5, 0, 0, 0, 0.6, 0, 0, 0, 0.5, 0.657874, 0, 1.13947 )
physics_material_override = SubResource( 8 )

[node name="slot_1" type="StaticBody" parent="slots" instance=ExtResource( 3 )]
transform = Transform( 0.25, 0, 0.433013, 0, 0.6, 0, -0.433013, 0, 0.25, -0.657874, 0, 1.13947 )
physics_material_override = SubResource( 8 )

[node name="slot_2" type="StaticBody" parent="slots" instance=ExtResource( 3 )]
transform = Transform( -0.25, 0, 0.433013, 0, 0.6, 0, -0.433013, 0, -0.25, -1.31575, 0, 0 )
physics_material_override = SubResource( 8 )

[node name="slot_3" type="StaticBody" parent="slots" instance=ExtResource( 3 )]
transform = Transform( -0.5, 0, -4.37114e-08, 0, 0.6, 0, 4.37114e-08, 0, -0.5, -0.657874, 0, -1.13947 )
physics_material_override = SubResource( 8 )

[node name="slot_4" type="StaticBody" parent="slots" instance=ExtResource( 3 )]
transform = Transform( -0.25, 0, -0.433013, 0, 0.6, 0, 0.433013, 0, -0.25, 0.657874, 0, -1.13947 )
physics_material_override = SubResource( 8 )

[node name="slot_5" type="StaticBody" parent="slots" instance=ExtResource( 3 )]
transform = Transform( 0.25, 0, -0.433013, 0, 0.6, 0, 0.433013, 0, 0.25, 1.31575, 0, 0 )
physics_material_override = SubResource( 8 )

[node name="slot_6" type="StaticBody" parent="slots" instance=ExtResource( 3 )]
transform = Transform( 0.5, 0, 0, 0, 0.6, 0, 0, 0, 0.5, 2.61548, 0, 2.2697 )
physics_material_override = SubResource( 8 )

[node name="slot_7" type="StaticBody" parent="slots" instance=ExtResource( 3 )]
transform = Transform( 0.25, 0, 0.433013, 0, 0.6, 0, -0.433013, 0, 0.25, 1.29973, 0, 2.2512 )
physics_material_override = SubResource( 8 )

[node name="slot_8" type="StaticBody" parent="slots" instance=ExtResource( 3 )]
transform = Transform( -0.25, 0, 0.433013, 0, 0.6, 0, -0.433013, 0, -0.25, 0.657874, 0, 3.39992 )
physics_material_override = SubResource( 8 )

[node name="slot_9" type="StaticBody" parent="slots" instance=ExtResource( 3 )]
transform = Transform( -0.5, 0, -4.37114e-08, 0, 0.6, 0, 4.37114e-08, 0, -0.5, -0.657874, 0, 3.39992 )
physics_material_override = SubResource( 8 )

[node name="slot_10" type="StaticBody" parent="slots" instance=ExtResource( 3 )]
transform = Transform( -0.25, 0, -0.433013, 0, 0.6, 0, 0.433013, 0, -0.25, -1.29973, 0, 2.2512 )
physics_material_override = SubResource( 8 )

[node name="slot_11" type="StaticBody" parent="slots" instance=ExtResource( 3 )]
transform = Transform( 0.25, 0, -0.433013, 0, 0.6, 0, 0.433013, 0, 0.25, -2.61548, 0, 2.2697 )
physics_material_override = SubResource( 8 )

[node name="slot_12" type="StaticBody" parent="slots" instance=ExtResource( 3 )]
transform = Transform( 0.5, 0, 8.74228e-08, 0, 0.6, 0, -8.74228e-08, 0, 0.5, -3.27335, 0, 1.13022 )
physics_material_override = SubResource( 8 )

[node name="slot_13" type="StaticBody" parent="slots" instance=ExtResource( 3 )]
transform = Transform( 0.25, 0, 0.433013, 0, 0.6, 0, -0.433013, 0, 0.25, -2.59946, 0, 1.19209e-07 )
physics_material_override = SubResource( 8 )

[node name="slot_14" type="StaticBody" parent="slots" instance=ExtResource( 3 )]
transform = Transform( -0.25, 0, 0.433013, 0, 0.6, 0, -0.433013, 0, -0.25, -3.27335, 0, -1.13022 )
physics_material_override = SubResource( 8 )

[node name="slot_15" type="StaticBody" parent="slots" instance=ExtResource( 3 )]
transform = Transform( -0.5, 0, -1.19249e-08, 0, 0.6, 0, 1.19249e-08, 0, -0.5, -2.61548, 0, -2.2697 )
physics_material_override = SubResource( 8 )

[node name="slot_16" type="StaticBody" parent="slots" instance=ExtResource( 3 )]
transform = Transform( -0.25, 0, -0.433013, 0, 0.6, 0, 0.433013, 0, -0.25, -1.29973, 0, -2.2512 )
physics_material_override = SubResource( 8 )

[node name="slot_17" type="StaticBody" parent="slots" instance=ExtResource( 3 )]
transform = Transform( 0.25, 0, -0.433013, 0, 0.6, 0, 0.433013, 0, 0.25, -0.657874, 0, -3.39992 )
physics_material_override = SubResource( 8 )

[node name="slot_18" type="StaticBody" parent="slots" instance=ExtResource( 3 )]
transform = Transform( 0.5, 0, 1.74846e-07, 0, 0.6, 0, -1.74846e-07, 0, 0.5, 0.657874, 0, -3.39992 )
physics_material_override = SubResource( 8 )

[node name="slot_19" type="StaticBody" parent="slots" instance=ExtResource( 3 )]
transform = Transform( 0.25, 0, 0.433013, 0, 0.6, 0, -0.433013, 0, 0.25, 1.29973, 0, -2.2512 )
physics_material_override = SubResource( 8 )

[node name="slot_20" type="StaticBody" parent="slots" instance=ExtResource( 3 )]
transform = Transform( -0.25, 0, 0.433013, 0, 0.6, 0, -0.433013, 0, -0.25, 2.61548, 0, -2.2697 )
physics_material_override = SubResource( 8 )

[node name="slot_21" type="StaticBody" parent="slots" instance=ExtResource( 3 )]
transform = Transform( -0.5, 0, 1.39071e-07, 0, 0.6, 0, -1.39071e-07, 0, -0.5, 3.27335, 0, -1.13022 )
physics_material_override = SubResource( 8 )

[node name="slot_22" type="StaticBody" parent="slots" instance=ExtResource( 3 )]
transform = Transform( -0.25, 0, -0.433013, 0, 0.6, 0, 0.433013, 0, -0.25, 2.59946, 0, -1.19209e-07 )
physics_material_override = SubResource( 8 )

[node name="slot_23" type="StaticBody" parent="slots" instance=ExtResource( 3 )]
transform = Transform( 0.25, 0, -0.433013, 0, 0.6, 0, 0.433013, 0, 0.25, 3.27335, 0, 1.13022 )
physics_material_override = SubResource( 8 )

[node name="slot_24" type="StaticBody" parent="slots" instance=ExtResource( 3 )]
transform = Transform( 0.5, 0, 0, 0, 0.6, 0, 0, 0, 0.5, 4.57309, 0, 3.39992 )
physics_material_override = SubResource( 8 )

[node name="slot_25" type="StaticBody" parent="slots" instance=ExtResource( 3 )]
transform = Transform( 0.25, 0, 0.433013, 0, 0.6, 0, -0.433013, 0, 0.25, 3.25734, 0, 3.38142 )
physics_material_override = SubResource( 8 )

[node name="slot_26" type="StaticBody" parent="slots" instance=ExtResource( 3 )]
transform = Transform( -0.25, 0, 0.433013, 0, 0.6, 0, -0.433013, 0, -0.25, 2.61548, 0, 4.53014 )
physics_material_override = SubResource( 8 )

[node name="slot_27" type="StaticBody" parent="slots" instance=ExtResource( 3 )]
transform = Transform( -0.5, 0, -4.37114e-08, 0, 0.6, 0, 4.37114e-08, 0, -0.5, 1.29973, 0, 4.51165 )
physics_material_override = SubResource( 8 )

[node name="slot_28" type="StaticBody" parent="slots" instance=ExtResource( 3 )]
transform = Transform( -0.25, 0, -0.433013, 0, 0.6, 0, 0.433013, 0, -0.25, 0.657874, 0, 5.66037 )
physics_material_override = SubResource( 8 )

[node name="slot_29" type="StaticBody" parent="slots" instance=ExtResource( 3 )]
transform = Transform( 0.25, 0, -0.433013, 0, 0.6, 0, 0.433013, 0, 0.25, -0.657874, 0, 5.66037 )
physics_material_override = SubResource( 8 )

[node name="slot_30" type="StaticBody" parent="slots" instance=ExtResource( 3 )]
transform = Transform( 0.5, 0, 8.74228e-08, 0, 0.6, 0, -8.74228e-08, 0, 0.5, -1.29973, 0, 4.51165 )
physics_material_override = SubResource( 8 )

[node name="slot_31" type="StaticBody" parent="slots" instance=ExtResource( 3 )]
transform = Transform( 0.25, 0, 0.433013, 0, 0.6, 0, -0.433013, 0, 0.25, -2.61548, 0, 4.53014 )
physics_material_override = SubResource( 8 )

[node name="slot_32" type="StaticBody" parent="slots" instance=ExtResource( 3 )]
transform = Transform( -0.25, 0, 0.433013, 0, 0.6, 0, -0.433013, 0, -0.25, -3.25734, 0, 3.38142 )
physics_material_override = SubResource( 8 )

[node name="slot_33" type="StaticBody" parent="slots" instance=ExtResource( 3 )]
transform = Transform( -0.5, 0, -1.19249e-08, 0, 0.6, 0, 1.19249e-08, 0, -0.5, -4.57309, 0, 3.39992 )
physics_material_override = SubResource( 8 )

[node name="slot_34" type="StaticBody" parent="slots" instance=ExtResource( 3 )]
transform = Transform( -0.25, 0, -0.433013, 0, 0.6, 0, 0.433013, 0, -0.25, -5.23096, 0, 2.26045 )
physics_material_override = SubResource( 8 )

[node name="slot_35" type="StaticBody" parent="slots" instance=ExtResource( 3 )]
transform = Transform( 0.25, 0, -0.433013, 0, 0.6, 0, 0.433013, 0, 0.25, -4.55707, 0, 1.13022 )
physics_material_override = SubResource( 8 )

[node name="slot_36" type="StaticBody" parent="slots" instance=ExtResource( 3 )]
transform = Transform( 0.5, 0, 1.74846e-07, 0, 0.6, 0, -1.74846e-07, 0, 0.5, -5.23096, 0, 0 )
physics_material_override = SubResource( 8 )

[node name="slot_37" type="StaticBody" parent="slots" instance=ExtResource( 3 )]
transform = Transform( 0.25, 0, 0.433013, 0, 0.6, 0, -0.433013, 0, 0.25, -4.55707, 0, -1.13022 )
physics_material_override = SubResource( 8 )

[node name="slot_38" type="StaticBody" parent="slots" instance=ExtResource( 3 )]
transform = Transform( -0.25, 0, 0.433013, 0, 0.6, 0, -0.433013, 0, -0.25, -5.23096, 0, -2.26045 )
physics_material_override = SubResource( 8 )

[node name="slot_39" type="StaticBody" parent="slots" instance=ExtResource( 3 )]
transform = Transform( -0.5, 0, 1.39071e-07, 0, 0.6, 0, -1.39071e-07, 0, -0.5, -4.57309, 0, -3.39992 )
physics_material_override = SubResource( 8 )

[node name="slot_40" type="StaticBody" parent="slots" instance=ExtResource( 3 )]
transform = Transform( -0.25, 0, -0.433013, 0, 0.6, 0, 0.433013, 0, -0.25, -3.25734, 0, -3.38142 )
physics_material_override = SubResource( 8 )

[node name="slot_41" type="StaticBody" parent="slots" instance=ExtResource( 3 )]
transform = Transform( 0.25, 0, -0.433013, 0, 0.6, 0, 0.433013, 0, 0.25, -2.61548, 0, -4.53014 )
physics_material_override = SubResource( 8 )

[node name="slot_42" type="StaticBody" parent="slots" instance=ExtResource( 3 )]
transform = Transform( 0.5, 0, 2.38498e-08, 0, 0.6, 0, -2.38498e-08, 0, 0.5, -1.29973, 0, -4.51165 )
physics_material_override = SubResource( 8 )

[node name="slot_43" type="StaticBody" parent="slots" instance=ExtResource( 3 )]
transform = Transform( 0.25, 0, 0.433013, 0, 0.6, 0, -0.433013, 0, 0.25, -0.657874, 0, -5.66037 )
physics_material_override = SubResource( 8 )

[node name="slot_44" type="StaticBody" parent="slots" instance=ExtResource( 3 )]
transform = Transform( -0.25, 0, 0.433013, 0, 0.6, 0, -0.433013, 0, -0.25, 0.657874, 0, -5.66037 )
physics_material_override = SubResource( 8 )

[node name="slot_45" type="StaticBody" parent="slots" instance=ExtResource( 3 )]
transform = Transform( -0.5, 0, 2.90067e-07, 0, 0.6, 0, -2.90067e-07, 0, -0.5, 1.29973, 0, -4.51165 )
physics_material_override = SubResource( 8 )

[node name="slot_46" type="StaticBody" parent="slots" instance=ExtResource( 3 )]
transform = Transform( -0.25, 0, -0.433013, 0, 0.6, 0, 0.433013, 0, -0.25, 2.61548, 0, -4.53014 )
physics_material_override = SubResource( 8 )

[node name="slot_47" type="StaticBody" parent="slots" instance=ExtResource( 3 )]
transform = Transform( 0.25, 0, -0.433012, 0, 0.6, 0, 0.433012, 0, 0.25, 3.25734, 0, -3.38142 )
physics_material_override = SubResource( 8 )

[node name="slot_48" type="StaticBody" parent="slots" instance=ExtResource( 3 )]
transform = Transform( 0.5, 0, 3.49691e-07, 0, 0.6, 0, -3.49691e-07, 0, 0.5, 4.57309, 0, -3.39992 )
physics_material_override = SubResource( 8 )

[node name="slot_49" type="StaticBody" parent="slots" instance=ExtResource( 3 )]
transform = Transform( 0.25, 0, 0.433013, 0, 0.6, 0, -0.433013, 0, 0.25, 5.23096, 0, -2.26045 )
physics_material_override = SubResource( 8 )

[node name="slot_50" type="StaticBody" parent="slots" instance=ExtResource( 3 )]
transform = Transform( -0.25, 0, 0.433013, 0, 0.6, 0, -0.433013, 0, -0.25, 4.55707, 0, -1.13022 )
physics_material_override = SubResource( 8 )

[node name="slot_51" type="StaticBody" parent="slots" instance=ExtResource( 3 )]
transform = Transform( -0.5, 0, -3.57746e-08, 0, 0.6, 0, 3.57746e-08, 0, -0.5, 5.23096, 0, 0 )
physics_material_override = SubResource( 8 )

[node name="slot_52" type="StaticBody" parent="slots" instance=ExtResource( 3 )]
transform = Transform( -0.25, 0, -0.433013, 0, 0.6, 0, 0.433013, 0, -0.25, 4.55707, 0, 1.13022 )
physics_material_override = SubResource( 8 )

[node name="slot_53" type="StaticBody" parent="slots" instance=ExtResource( 3 )]
transform = Transform( 0.25, 0, -0.433013, 0, 0.6, 0, 0.433013, 0, 0.25, 5.23096, 0, 2.26045 )
physics_material_override = SubResource( 8 )

[node name="slot_54" type="StaticBody" parent="slots" instance=ExtResource( 3 )]
transform = Transform( 0.5, 0, 0, 0, 0.6, 0, 0, 0, 0.5, 6.53069, 0, 4.53014 )
physics_material_override = SubResource( 8 )

[node name="slot_55" type="StaticBody" parent="slots" instance=ExtResource( 3 )]
transform = Transform( 0.25, 0, 0.433013, 0, 0.6, 0, -0.433013, 0, 0.25, 5.21494, 0, 4.51165 )
physics_material_override = SubResource( 8 )

[node name="slot_56" type="StaticBody" parent="slots" instance=ExtResource( 3 )]
transform = Transform( -0.25, 0, 0.433013, 0, 0.6, 0, -0.433013, 0, -0.25, 4.57309, 0, 5.66037 )
physics_material_override = SubResource( 8 )

[node name="slot_57" type="StaticBody" parent="slots" instance=ExtResource( 3 )]
transform = Transform( -0.5, 0, -4.37114e-08, 0, 0.6, 0, 4.37114e-08, 0, -0.5, 3.25734, 0, 5.64187 )
physics_material_override = SubResource( 8 )

[node name="slot_58" type="StaticBody" parent="slots" instance=ExtResource( 3 )]
transform = Transform( -0.25, 0, -0.433013, 0, 0.6, 0, 0.433013, 0, -0.25, 2.61548, 0, 6.79059 )
physics_material_override = SubResource( 8 )

[node name="slot_59" type="StaticBody" parent="slots" instance=ExtResource( 3 )]
transform = Transform( 0.25, 0, -0.433013, 0, 0.6, 0, 0.433013, 0, 0.25, 1.29973, 0, 6.7721 )
physics_material_override = SubResource( 8 )

[node name="slot_60" type="StaticBody" parent="slots" instance=ExtResource( 3 )]
transform = Transform( 0.5, 0, 8.74228e-08, 0, 0.6, 0, -8.74228e-08, 0, 0.5, 0.657874, 0, 7.92082 )
physics_material_override = SubResource( 8 )

[node name="slot_61" type="StaticBody" parent="slots" instance=ExtResource( 3 )]
transform = Transform( 0.25, 0, 0.433013, 0, 0.6, 0, -0.433013, 0, 0.25, -0.657874, 0, 7.92082 )
physics_material_override = SubResource( 8 )

[node name="slot_62" type="StaticBody" parent="slots" instance=ExtResource( 3 )]
transform = Transform( -0.25, 0, 0.433013, 0, 0.6, 0, -0.433013, 0, -0.25, -1.29973, 0, 6.7721 )
physics_material_override = SubResource( 8 )

[node name="slot_63" type="StaticBody" parent="slots" instance=ExtResource( 3 )]
transform = Transform( -0.5, 0, -1.19249e-08, 0, 0.6, 0, 1.19249e-08, 0, -0.5, -2.61548, 0, 6.79059 )
physics_material_override = SubResource( 8 )

[node name="slot_64" type="StaticBody" parent="slots" instance=ExtResource( 3 )]
transform = Transform( -0.25, 0, -0.433013, 0, 0.6, 0, 0.433013, 0, -0.25, -3.25734, 0, 5.64187 )
physics_material_override = SubResource( 8 )

[node name="slot_65" type="StaticBody" parent="slots" instance=ExtResource( 3 )]
transform = Transform( 0.25, 0, -0.433013, 0, 0.6, 0, 0.433013, 0, 0.25, -4.57309, 0, 5.66037 )
physics_material_override = SubResource( 8 )

[node name="slot_66" type="StaticBody" parent="slots" instance=ExtResource( 3 )]
transform = Transform( 0.5, 0, 1.74846e-07, 0, 0.6, 0, -1.74846e-07, 0, 0.5, -5.21494, 0, 4.51165 )
physics_material_override = SubResource( 8 )

[node name="slot_67" type="StaticBody" parent="slots" instance=ExtResource( 3 )]
transform = Transform( 0.25, 0, 0.433013, 0, 0.6, 0, -0.433013, 0, 0.25, -6.53069, 0, 4.53014 )
physics_material_override = SubResource( 8 )

[node name="slot_68" type="StaticBody" parent="slots" instance=ExtResource( 3 )]
transform = Transform( -0.25, 0, 0.433013, 0, 0.6, 0, -0.433013, 0, -0.25, -7.18857, 0, 3.39067 )
physics_material_override = SubResource( 8 )

[node name="slot_69" type="StaticBody" parent="slots" instance=ExtResource( 3 )]
transform = Transform( -0.5, 0, 1.39071e-07, 0, 0.6, 0, -1.39071e-07, 0, -0.5, -6.51467, 0, 2.26045 )
physics_material_override = SubResource( 8 )

[node name="slot_70" type="StaticBody" parent="slots" instance=ExtResource( 3 )]
transform = Transform( -0.25, 0, -0.433013, 0, 0.6, 0, 0.433013, 0, -0.25, -7.18857, 0, 1.13022 )
physics_material_override = SubResource( 8 )

[node name="slot_71" type="StaticBody" parent="slots" instance=ExtResource( 3 )]
transform = Transform( 0.25, 0, -0.433013, 0, 0.6, 0, 0.433013, 0, 0.25, -6.51467, 0, 2.38419e-07 )
physics_material_override = SubResource( 8 )

[node name="slot_72" type="StaticBody" parent="slots" instance=ExtResource( 3 )]
transform = Transform( 0.5, 0, 2.38498e-08, 0, 0.6, 0, -2.38498e-08, 0, 0.5, -7.18857, 0, -1.13022 )
physics_material_override = SubResource( 8 )

[node name="slot_73" type="StaticBody" parent="slots" instance=ExtResource( 3 )]
transform = Transform( 0.25, 0, 0.433013, 0, 0.6, 0, -0.433013, 0, 0.25, -6.51467, 0, -2.26045 )
physics_material_override = SubResource( 8 )

[node name="slot_74" type="StaticBody" parent="slots" instance=ExtResource( 3 )]
transform = Transform( -0.25, 0, 0.433013, 0, 0.6, 0, -0.433013, 0, -0.25, -7.18857, 0, -3.39067 )
physics_material_override = SubResource( 8 )

[node name="slot_75" type="StaticBody" parent="slots" instance=ExtResource( 3 )]
transform = Transform( -0.5, 0, 2.90067e-07, 0, 0.6, 0, -2.90067e-07, 0, -0.5, -6.53069, 0, -4.53014 )
physics_material_override = SubResource( 8 )

[node name="slot_76" type="StaticBody" parent="slots" instance=ExtResource( 3 )]
transform = Transform( -0.25, 0, -0.433013, 0, 0.6, 0, 0.433013, 0, -0.25, -5.21494, 0, -4.51165 )
physics_material_override = SubResource( 8 )

[node name="slot_77" type="StaticBody" parent="slots" instance=ExtResource( 3 )]
transform = Transform( 0.25, 0, -0.433012, 0, 0.6, 0, 0.433012, 0, 0.25, -4.57309, 0, -5.66037 )
physics_material_override = SubResource( 8 )

[node name="slot_78" type="StaticBody" parent="slots" instance=ExtResource( 3 )]
transform = Transform( 0.5, 0, 3.49691e-07, 0, 0.6, 0, -3.49691e-07, 0, 0.5, -3.25734, 0, -5.64187 )
physics_material_override = SubResource( 8 )

[node name="slot_79" type="StaticBody" parent="slots" instance=ExtResource( 3 )]
transform = Transform( 0.25, 0, 0.433013, 0, 0.6, 0, -0.433013, 0, 0.25, -2.61548, 0, -6.79059 )
physics_material_override = SubResource( 8 )

[node name="slot_80" type="StaticBody" parent="slots" instance=ExtResource( 3 )]
transform = Transform( -0.25, 0, 0.433013, 0, 0.6, 0, -0.433013, 0, -0.25, -1.29973, 0, -6.7721 )
physics_material_override = SubResource( 8 )

[node name="slot_81" type="StaticBody" parent="slots" instance=ExtResource( 3 )]
transform = Transform( -0.5, 0, -3.57746e-08, 0, 0.6, 0, 3.57746e-08, 0, -0.5, -0.657874, 0, -7.92082 )
physics_material_override = SubResource( 8 )

[node name="slot_82" type="StaticBody" parent="slots" instance=ExtResource( 3 )]
transform = Transform( -0.25, 0, -0.433013, 0, 0.6, 0, 0.433013, 0, -0.25, 0.657874, 0, -7.92082 )
physics_material_override = SubResource( 8 )

[node name="slot_83" type="StaticBody" parent="slots" instance=ExtResource( 3 )]
transform = Transform( 0.25, 0, -0.433013, 0, 0.6, 0, 0.433013, 0, 0.25, 1.29973, 0, -6.7721 )
physics_material_override = SubResource( 8 )

[node name="slot_84" type="StaticBody" parent="slots" instance=ExtResource( 3 )]
transform = Transform( 0.5, 0, -2.78142e-07, 0, 0.6, 0, 2.78142e-07, 0, 0.5, 2.61548, 0, -6.79059 )
physics_material_override = SubResource( 8 )

[node name="slot_85" type="StaticBody" parent="slots" instance=ExtResource( 3 )]
transform = Transform( 0.25, 0, 0.433013, 0, 0.6, 0, -0.433013, 0, 0.25, 3.25734, 0, -5.64187 )
physics_material_override = SubResource( 8 )

[node name="slot_86" type="StaticBody" parent="slots" instance=ExtResource( 3 )]
transform = Transform( -0.25, 0, 0.433012, 0, 0.6, 0, -0.433012, 0, -0.25, 4.57309, 0, -5.66037 )
physics_material_override = SubResource( 8 )

[node name="slot_87" type="StaticBody" parent="slots" instance=ExtResource( 3 )]
transform = Transform( -0.5, 0, 5.92058e-07, 0, 0.6, 0, -5.92058e-07, 0, -0.5, 5.21494, 0, -4.51165 )
physics_material_override = SubResource( 8 )

[node name="slot_88" type="StaticBody" parent="slots" instance=ExtResource( 3 )]
transform = Transform( -0.25, 0, -0.433013, 0, 0.6, 0, 0.433013, 0, -0.25, 6.53069, 0, -4.53014 )
physics_material_override = SubResource( 8 )

[node name="slot_89" type="StaticBody" parent="slots" instance=ExtResource( 3 )]
transform = Transform( 0.249999, 0, -0.433013, 0, 0.6, 0, 0.433013, 0, 0.249999, 7.18857, 0, -3.39067 )
physics_material_override = SubResource( 8 )

[node name="slot_90" type="StaticBody" parent="slots" instance=ExtResource( 3 )]
transform = Transform( 0.5, 0, 4.76995e-08, 0, 0.6, 0, -4.76995e-08, 0, 0.5, 6.51467, 0, -2.26045 )
physics_material_override = SubResource( 8 )

[node name="slot_91" type="StaticBody" parent="slots" instance=ExtResource( 3 )]
transform = Transform( 0.249999, 0, 0.433013, 0, 0.6, 0, -0.433013, 0, 0.249999, 7.18857, 0, -1.13022 )
physics_material_override = SubResource( 8 )

[node name="slot_92" type="StaticBody" parent="slots" instance=ExtResource( 3 )]
transform = Transform( -0.25, 0, 0.433013, 0, 0.6, 0, -0.433013, 0, -0.25, 6.51467, 0, -2.38419e-07 )
physics_material_override = SubResource( 8 )

[node name="slot_93" type="StaticBody" parent="slots" instance=ExtResource( 3 )]
transform = Transform( -0.5, 0, -6.87457e-07, 0, 0.6, 0, 6.87457e-07, 0, -0.5, 7.18857, 0, 1.13022 )
physics_material_override = SubResource( 8 )

[node name="slot_94" type="StaticBody" parent="slots" instance=ExtResource( 3 )]
transform = Transform( -0.25, 0, -0.433013, 0, 0.6, 0, 0.433013, 0, -0.25, 6.51467, 0, 2.26045 )
physics_material_override = SubResource( 8 )

[node name="slot_95" type="StaticBody" parent="slots" instance=ExtResource( 3 )]
transform = Transform( 0.25, 0, -0.433012, 0, 0.6, 0, 0.433012, 0, 0.25, 7.18857, 0, 3.39067 )
physics_material_override = SubResource( 8 )

[node name="slot_96" type="StaticBody" parent="slots" instance=ExtResource( 3 )]
transform = Transform( 0.5, 0, 0, 0, 0.6, 0, 0, 0, 0.5, 8.4883, 0, 5.66037 )
physics_material_override = SubResource( 8 )

[node name="slot_97" type="StaticBody" parent="slots" instance=ExtResource( 3 )]
transform = Transform( 0.25, 0, 0.433013, 0, 0.6, 0, -0.433013, 0, 0.25, 7.17255, 0, 5.64187 )
physics_material_override = SubResource( 8 )

[node name="slot_98" type="StaticBody" parent="slots" instance=ExtResource( 3 )]
transform = Transform( -0.25, 0, 0.433013, 0, 0.6, 0, -0.433013, 0, -0.25, 6.53069, 0, 6.79059 )
physics_material_override = SubResource( 8 )

[node name="slot_99" type="StaticBody" parent="slots" instance=ExtResource( 3 )]
transform = Transform( -0.5, 0, -4.37114e-08, 0, 0.6, 0, 4.37114e-08, 0, -0.5, 5.21494, 0, 6.7721 )
physics_material_override = SubResource( 8 )

[node name="slot_100" type="StaticBody" parent="slots" instance=ExtResource( 3 )]
transform = Transform( -0.25, 0, -0.433013, 0, 0.6, 0, 0.433013, 0, -0.25, 4.57309, 0, 7.92082 )
physics_material_override = SubResource( 8 )

[node name="slot_101" type="StaticBody" parent="slots" instance=ExtResource( 3 )]
transform = Transform( 0.25, 0, -0.433013, 0, 0.6, 0, 0.433013, 0, 0.25, 3.25734, 0, 7.90232 )
physics_material_override = SubResource( 8 )

[node name="slot_102" type="StaticBody" parent="slots" instance=ExtResource( 3 )]
transform = Transform( 0.5, 0, 8.74228e-08, 0, 0.6, 0, -8.74228e-08, 0, 0.5, 2.61548, 0, 9.05104 )
physics_material_override = SubResource( 8 )

[node name="slot_103" type="StaticBody" parent="slots" instance=ExtResource( 3 )]
transform = Transform( 0.25, 0, 0.433013, 0, 0.6, 0, -0.433013, 0, 0.25, 1.29973, 0, 9.03254 )
physics_material_override = SubResource( 8 )

[node name="slot_104" type="StaticBody" parent="slots" instance=ExtResource( 3 )]
transform = Transform( -0.25, 0, 0.433013, 0, 0.6, 0, -0.433013, 0, -0.25, 0.657874, 0, 10.1813 )
physics_material_override = SubResource( 8 )

[node name="slot_105" type="StaticBody" parent="slots" instance=ExtResource( 3 )]
transform = Transform( -0.5, 0, -1.19249e-08, 0, 0.6, 0, 1.19249e-08, 0, -0.5, -0.657874, 0, 10.1813 )
physics_material_override = SubResource( 8 )

[node name="slot_106" type="StaticBody" parent="slots" instance=ExtResource( 3 )]
transform = Transform( -0.25, 0, -0.433013, 0, 0.6, 0, 0.433013, 0, -0.25, -1.29973, 0, 9.03255 )
physics_material_override = SubResource( 8 )

[node name="slot_107" type="StaticBody" parent="slots" instance=ExtResource( 3 )]
transform = Transform( 0.25, 0, -0.433013, 0, 0.6, 0, 0.433013, 0, 0.25, -2.61548, 0, 9.05104 )
physics_material_override = SubResource( 8 )

[node name="slot_108" type="StaticBody" parent="slots" instance=ExtResource( 3 )]
transform = Transform( 0.5, 0, 1.74846e-07, 0, 0.6, 0, -1.74846e-07, 0, 0.5, -3.25734, 0, 7.90232 )
physics_material_override = SubResource( 8 )

[node name="slot_109" type="StaticBody" parent="slots" instance=ExtResource( 3 )]
transform = Transform( 0.25, 0, 0.433013, 0, 0.6, 0, -0.433013, 0, 0.25, -4.57309, 0, 7.92082 )
physics_material_override = SubResource( 8 )

[node name="slot_110" type="StaticBody" parent="slots" instance=ExtResource( 3 )]
transform = Transform( -0.25, 0, 0.433013, 0, 0.6, 0, -0.433013, 0, -0.25, -5.21494, 0, 6.7721 )
physics_material_override = SubResource( 8 )

[node name="slot_111" type="StaticBody" parent="slots" instance=ExtResource( 3 )]
transform = Transform( -0.5, 0, 1.39071e-07, 0, 0.6, 0, -1.39071e-07, 0, -0.5, -6.53069, 0, 6.79059 )
physics_material_override = SubResource( 8 )

[node name="slot_112" type="StaticBody" parent="slots" instance=ExtResource( 3 )]
transform = Transform( -0.25, 0, -0.433013, 0, 0.6, 0, 0.433013, 0, -0.25, -7.17255, 0, 5.64187 )
physics_material_override = SubResource( 8 )

[node name="slot_113" type="StaticBody" parent="slots" instance=ExtResource( 3 )]
transform = Transform( 0.25, 0, -0.433013, 0, 0.6, 0, 0.433013, 0, 0.25, -8.4883, 0, 5.66037 )
physics_material_override = SubResource( 8 )

[node name="slot_114" type="StaticBody" parent="slots" instance=ExtResource( 3 )]
transform = Transform( 0.5, 0, 2.38498e-08, 0, 0.6, 0, -2.38498e-08, 0, 0.5, -9.14617, 0, 4.5209 )
physics_material_override = SubResource( 8 )

[node name="slot_115" type="StaticBody" parent="slots" instance=ExtResource( 3 )]
transform = Transform( 0.25, 0, 0.433013, 0, 0.6, 0, -0.433013, 0, 0.25, -8.47228, 0, 3.39067 )
physics_material_override = SubResource( 8 )

[node name="slot_116" type="StaticBody" parent="slots" instance=ExtResource( 3 )]
transform = Transform( -0.25, 0, 0.433013, 0, 0.6, 0, -0.433013, 0, -0.25, -9.14617, 0, 2.26045 )
physics_material_override = SubResource( 8 )

[node name="slot_117" type="StaticBody" parent="slots" instance=ExtResource( 3 )]
transform = Transform( -0.5, 0, 2.90067e-07, 0, 0.6, 0, -2.90067e-07, 0, -0.5, -8.47228, 0, 1.13022 )
physics_material_override = SubResource( 8 )

[node name="slot_118" type="StaticBody" parent="slots" instance=ExtResource( 3 )]
transform = Transform( -0.25, 0, -0.433013, 0, 0.6, 0, 0.433013, 0, -0.25, -9.14617, 0, 0 )
physics_material_override = SubResource( 8 )

[node name="slot_119" type="StaticBody" parent="slots" instance=ExtResource( 3 )]
transform = Transform( 0.25, 0, -0.433012, 0, 0.6, 0, 0.433012, 0, 0.25, -8.47228, 0, -1.13022 )
physics_material_override = SubResource( 8 )

[node name="slot_120" type="StaticBody" parent="slots" instance=ExtResource( 3 )]
transform = Transform( 0.5, 0, 3.49691e-07, 0, 0.6, 0, -3.49691e-07, 0, 0.5, -9.14617, 0, -2.26045 )
physics_material_override = SubResource( 8 )

[node name="slot_121" type="StaticBody" parent="slots" instance=ExtResource( 3 )]
transform = Transform( 0.25, 0, 0.433013, 0, 0.6, 0, -0.433013, 0, 0.25, -8.47228, 0, -3.39067 )
physics_material_override = SubResource( 8 )

[node name="slot_122" type="StaticBody" parent="slots" instance=ExtResource( 3 )]
transform = Transform( -0.25, 0, 0.433013, 0, 0.6, 0, -0.433013, 0, -0.25, -9.14617, 0, -4.5209 )
physics_material_override = SubResource( 8 )

[node name="slot_123" type="StaticBody" parent="slots" instance=ExtResource( 3 )]
transform = Transform( -0.5, 0, -3.57746e-08, 0, 0.6, 0, 3.57746e-08, 0, -0.5, -8.4883, 0, -5.66037 )
physics_material_override = SubResource( 8 )

[node name="slot_124" type="StaticBody" parent="slots" instance=ExtResource( 3 )]
transform = Transform( -0.25, 0, -0.433013, 0, 0.6, 0, 0.433013, 0, -0.25, -7.17255, 0, -5.64187 )
physics_material_override = SubResource( 8 )

[node name="slot_125" type="StaticBody" parent="slots" instance=ExtResource( 3 )]
transform = Transform( 0.25, 0, -0.433013, 0, 0.6, 0, 0.433013, 0, 0.25, -6.53069, 0, -6.79059 )
physics_material_override = SubResource( 8 )

[node name="slot_126" type="StaticBody" parent="slots" instance=ExtResource( 3 )]
transform = Transform( 0.5, 0, -2.78142e-07, 0, 0.6, 0, 2.78142e-07, 0, 0.5, -5.21494, 0, -6.7721 )
physics_material_override = SubResource( 8 )

[node name="slot_127" type="StaticBody" parent="slots" instance=ExtResource( 3 )]
transform = Transform( 0.25, 0, 0.433013, 0, 0.6, 0, -0.433013, 0, 0.25, -4.57309, 0, -7.92082 )
physics_material_override = SubResource( 8 )

[node name="slot_128" type="StaticBody" parent="slots" instance=ExtResource( 3 )]
transform = Transform( -0.25, 0, 0.433012, 0, 0.6, 0, -0.433012, 0, -0.25, -3.25734, 0, -7.90232 )
physics_material_override = SubResource( 8 )

[node name="slot_129" type="StaticBody" parent="slots" instance=ExtResource( 3 )]
transform = Transform( -0.5, 0, 5.92058e-07, 0, 0.6, 0, -5.92058e-07, 0, -0.5, -2.61548, 0, -9.05104 )
physics_material_override = SubResource( 8 )

[node name="slot_130" type="StaticBody" parent="slots" instance=ExtResource( 3 )]
transform = Transform( -0.25, 0, -0.433013, 0, 0.6, 0, 0.433013, 0, -0.25, -1.29973, 0, -9.03254 )
physics_material_override = SubResource( 8 )

[node name="slot_131" type="StaticBody" parent="slots" instance=ExtResource( 3 )]
transform = Transform( 0.249999, 0, -0.433013, 0, 0.6, 0, 0.433013, 0, 0.249999, -0.657874, 0, -10.1813 )
physics_material_override = SubResource( 8 )

[node name="slot_132" type="StaticBody" parent="slots" instance=ExtResource( 3 )]
transform = Transform( 0.5, 0, 4.76995e-08, 0, 0.6, 0, -4.76995e-08, 0, 0.5, 0.657874, 0, -10.1813 )
physics_material_override = SubResource( 8 )

[node name="slot_133" type="StaticBody" parent="slots" instance=ExtResource( 3 )]
transform = Transform( 0.249999, 0, 0.433013, 0, 0.6, 0, -0.433013, 0, 0.249999, 1.29973, 0, -9.03255 )
physics_material_override = SubResource( 8 )

[node name="slot_134" type="StaticBody" parent="slots" instance=ExtResource( 3 )]
transform = Transform( -0.25, 0, 0.433013, 0, 0.6, 0, -0.433013, 0, -0.25, 2.61548, 0, -9.05104 )
physics_material_override = SubResource( 8 )

[node name="slot_135" type="StaticBody" parent="slots" instance=ExtResource( 3 )]
transform = Transform( -0.5, 0, -6.87457e-07, 0, 0.6, 0, 6.87457e-07, 0, -0.5, 3.25734, 0, -7.90232 )
physics_material_override = SubResource( 8 )

[node name="slot_136" type="StaticBody" parent="slots" instance=ExtResource( 3 )]
transform = Transform( -0.25, 0, -0.433013, 0, 0.6, 0, 0.433013, 0, -0.25, 4.57309, 0, -7.92082 )
physics_material_override = SubResource( 8 )

[node name="slot_137" type="StaticBody" parent="slots" instance=ExtResource( 3 )]
transform = Transform( 0.25, 0, -0.433012, 0, 0.6, 0, 0.433012, 0, 0.25, 5.21494, 0, -6.7721 )
physics_material_override = SubResource( 8 )

[node name="slot_138" type="StaticBody" parent="slots" instance=ExtResource( 3 )]
transform = Transform( 0.5, 0, -5.80133e-07, 0, 0.6, 0, 5.80133e-07, 0, 0.5, 6.53069, 0, -6.79059 )
physics_material_override = SubResource( 8 )

[node name="slot_139" type="StaticBody" parent="slots" instance=ExtResource( 3 )]
transform = Transform( 0.25, 0, 0.433013, 0, 0.6, 0, -0.433013, 0, 0.25, 7.17255, 0, -5.64187 )
physics_material_override = SubResource( 8 )

[node name="slot_140" type="StaticBody" parent="slots" instance=ExtResource( 3 )]
transform = Transform( -0.249999, 0, 0.433013, 0, 0.6, 0, -0.433013, 0, -0.249999, 8.4883, 0, -5.66037 )
physics_material_override = SubResource( 8 )

[node name="slot_141" type="StaticBody" parent="slots" instance=ExtResource( 3 )]
transform = Transform( -0.5, 0, -5.96244e-08, 0, 0.6, 0, 5.96244e-08, 0, -0.5, 9.14617, 0, -4.5209 )
physics_material_override = SubResource( 8 )

[node name="slot_142" type="StaticBody" parent="slots" instance=ExtResource( 3 )]
transform = Transform( -0.249999, 0, -0.433013, 0, 0.6, 0, 0.433013, 0, -0.249999, 8.47228, 0, -3.39067 )
physics_material_override = SubResource( 8 )

[node name="slot_143" type="StaticBody" parent="slots" instance=ExtResource( 3 )]
transform = Transform( 0.25, 0, -0.433013, 0, 0.6, 0, 0.433013, 0, 0.25, 9.14617, 0, -2.26045 )
physics_material_override = SubResource( 8 )

[node name="slot_144" type="StaticBody" parent="slots" instance=ExtResource( 3 )]
transform = Transform( 0.5, 0, 6.99382e-07, 0, 0.6, 0, -6.99382e-07, 0, 0.5, 8.47228, 0, -1.13022 )
physics_material_override = SubResource( 8 )

[node name="slot_145" type="StaticBody" parent="slots" instance=ExtResource( 3 )]
transform = Transform( 0.25, 0, 0.433013, 0, 0.6, 0, -0.433013, 0, 0.25, 9.14617, 0, 0 )
physics_material_override = SubResource( 8 )

[node name="slot_146" type="StaticBody" parent="slots" instance=ExtResource( 3 )]
transform = Transform( -0.25, 0, 0.433012, 0, 0.6, 0, -0.433012, 0, -0.25, 8.47228, 0, 1.13022 )
physics_material_override = SubResource( 8 )

[node name="slot_147" type="StaticBody" parent="slots" instance=ExtResource( 3 )]
transform = Transform( -0.5, 0, 5.68209e-07, 0, 0.6, 0, -5.68209e-07, 0, -0.5, 9.14617, 0, 2.26045 )
physics_material_override = SubResource( 8 )

[node name="slot_148" type="StaticBody" parent="slots" instance=ExtResource( 3 )]
transform = Transform( -0.25, 0, -0.433013, 0, 0.6, 0, 0.433013, 0, -0.25, 8.47228, 0, 3.39067 )
physics_material_override = SubResource( 8 )

[node name="slot_149" type="StaticBody" parent="slots" instance=ExtResource( 3 )]
transform = Transform( 0.249999, 0, -0.433013, 0, 0.6, 0, 0.433013, 0, 0.249999, 9.14617, 0, 4.5209 )
physics_material_override = SubResource( 8 )
